@article{Abbasi:2021czc,
    author = "Abbasi, R. and others",
    collaboration = "IceCube",
    title = "{A muon-track reconstruction exploiting stochastic losses for large-scale Cherenkov detectors}",
    eprint = "2103.16931",
    archivePrefix = "arXiv",
    primaryClass = "hep-ex",
    month = "3",
    year = "2021"
}

@article{IceCube:2021rpz,
    author = "Aartsen, M. G. and others",
    collaboration = "IceCube",
    title = "{Detection of a particle shower at the Glashow resonance with IceCube}",
    doi = "10.1038/s41586-021-03256-1",
    journal = "Nature",
    volume = "591",
    number = "7849",
    pages = "220--224",
    year = "2021"
}

@article{Abbasi:2021ryj,
    author = "Abbasi, R. and others",
    title = "{A Convolutional Neural Network based Cascade Reconstruction for the IceCube Neutrino Observatory}",
    eprint = "2101.11589",
    archivePrefix = "arXiv",
    primaryClass = "hep-ex",
    month = "1",
    year = "2021"
}

@article{Abbasi:2021bvk,
    author = "Abbasi, R. and others",
    collaboration = "IceCube",
    title = "{IceCube Data for Neutrino Point-Source Searches Years 2008-2018}",
    eprint = "2101.09836",
    archivePrefix = "arXiv",
    primaryClass = "astro-ph.HE",
    doi = "10.21234/CPKQ-K003",
    month = "1",
    year = "2021"
}

@article{Abbasi:2021vxg,
    author = "Abbasi, R. and others",
    title = "{Search for GeV Neutrino Emission During Intense Gamma-Ray Solar Flares with the IceCube Neutrino Observatory}",
    eprint = "2101.00610",
    archivePrefix = "arXiv",
    primaryClass = "astro-ph.HE",
    month = "1",
    year = "2021"
}

@article{Abbasi:2020mwj,
    author = "Abbasi, R. and others",
    collaboration = "IceCube",
    title = "{LeptonInjector and LeptonWeighter: A neutrino event generator and weighter for neutrino observatories}",
    eprint = "2012.10449",
    archivePrefix = "arXiv",
    primaryClass = "physics.comp-ph",
    month = "12",
    year = "2020"
}

@article{Abbasi:2020aae,
    author = "Abbasi, R. and others",
    collaboration = "IceCube",
    title = "{Follow-up of Astrophysical Transients in Real Time with the IceCube Neutrino Observatory}",
    eprint = "2012.04577",
    archivePrefix = "arXiv",
    primaryClass = "astro-ph.HE",
    doi = "10.3847/1538-4357/abe123",
    journal = "Astrophys. J.",
    volume = "910",
    number = "1",
    pages = "4",
    year = "2021"
}

@article{Abbasi:2020dfi,
    author = "Abbasi, R. and others",
    collaboration = "IceCube",
    title = "{A search for time-dependent astrophysical neutrino emission with IceCube data from 2012 to 2017}",
    eprint = "2012.01079",
    archivePrefix = "arXiv",
    primaryClass = "astro-ph.HE",
    month = "12",
    year = "2020"
}

@article{Abbasi:2020ddb,
    author = "Abbasi, R. and others",
    collaboration = "IceCube",
    title = "{Search for sub-TeV neutrino emission from transient sources with three years of IceCube data}",
    eprint = "2011.05096",
    archivePrefix = "arXiv",
    primaryClass = "astro-ph.HE",
    month = "11",
    year = "2020"
}

@article{Abbasi:2020luf,
    author = "Abbasi, R. and others",
    collaboration = "IceCube",
    title = "{Measurement of the high-energy all-flavor neutrino-nucleon cross section with IceCube}",
    eprint = "2011.03560",
    archivePrefix = "arXiv",
    primaryClass = "hep-ex",
    month = "11",
    year = "2020"
}

@article{Abbasi:2020zmr,
    author = "Abbasi, R. and others",
    collaboration = "IceCube",
    title = "{Measurement of Astrophysical Tau Neutrinos in IceCube's High-Energy Starting Events}",
    eprint = "2011.03561",
    archivePrefix = "arXiv",
    primaryClass = "hep-ex",
    month = "11",
    year = "2020"
}

@article{Abbasi:2020jmh,
    author = "Abbasi, R. and others",
    collaboration = "IceCube",
    title = "{The IceCube high-energy starting event sample: Description and flux characterization with 7.5 years of data}",
    eprint = "2011.03545",
    archivePrefix = "arXiv",
    primaryClass = "astro-ph.HE",
    month = "11",
    year = "2020"
}

@article{Aguilar:2020xnc,
    author = "Aguilar, J. A. and others",
    collaboration = "RNO-G",
    title = "{Design and Sensitivity of the Radio Neutrino Observatory in Greenland (RNO-G)}",
    eprint = "2010.12279",
    archivePrefix = "arXiv",
    primaryClass = "astro-ph.IM",
    doi = "10.1088/1748-0221/16/03/P03025",
    journal = "JINST",
    volume = "16",
    number = "03",
    pages = "P03025",
    year = "2021"
}

@article{AyalaSolares:2021ene,
    author = "Ayala Solares, H. A. and others",
    collaboration = "AMON Team, HAWC, IceCube",
    title = "{Multimessenger Gamma-Ray and Neutrino Coincidence Alerts Using HAWC and IceCube Subthreshold Data}",
    eprint = "2008.10616",
    archivePrefix = "arXiv",
    primaryClass = "astro-ph.HE",
    doi = "10.3847/1538-4357/abcaa4",
    month = "8",
    year = "2020"
}

@article{Aartsen:2020fgd,
    author = "Aartsen, M. G. and others",
    collaboration = "IceCube-Gen2",
    title = "{IceCube-Gen2: The Window to the Extreme Universe}",
    eprint = "2008.04323",
    archivePrefix = "arXiv",
    primaryClass = "astro-ph.HE",
    month = "8",
    year = "2020"
}

@article{Aartsen:2020hzn,
    author = "Aartsen, M. G. and others",
    collaboration = "IceCube",
    title = "{Measurements of the time-dependent cosmic-ray Sun shadow with seven years of IceCube data: Comparison with the Solar cycle and magnetic field models}",
    eprint = "2006.16298",
    archivePrefix = "arXiv",
    primaryClass = "astro-ph.HE",
    doi = "10.1103/PhysRevD.103.042005",
    journal = "Phys. Rev. D",
    volume = "103",
    number = "4",
    pages = "042005",
    year = "2021"
}

@article{IceCube:2020yct,
    author = "Aartsen, M. G. and others",
    collaboration = "IceCube",
    title = "{Cosmic ray spectrum from 250 TeV to 10 PeV using IceTop}",
    eprint = "2006.05215",
    archivePrefix = "arXiv",
    primaryClass = "astro-ph.HE",
    doi = "10.1103/PhysRevD.102.122001",
    journal = "Phys. Rev. D",
    volume = "102",
    pages = "122001",
    year = "2020"
}

@article{Aartsen:2020fwb,
    author = "Aartsen, M. G. and others",
    collaboration = "IceCube",
    title = "{Searching for eV-scale sterile neutrinos with eight years of atmospheric neutrinos at the IceCube Neutrino Telescope}",
    eprint = "2005.12943",
    archivePrefix = "arXiv",
    primaryClass = "hep-ex",
    doi = "10.1103/PhysRevD.102.052009",
    journal = "Phys. Rev. D",
    volume = "102",
    number = "5",
    pages = "052009",
    year = "2020"
}

@article{Aartsen:2020iky,
    author = "Aartsen, M. G. and others",
    collaboration = "IceCube",
    title = "{eV-Scale Sterile Neutrino Search Using Eight Years of Atmospheric Muon Neutrino Data from the IceCube Neutrino Observatory}",
    eprint = "2005.12942",
    archivePrefix = "arXiv",
    primaryClass = "hep-ex",
    doi = "10.1103/PhysRevLett.125.141801",
    journal = "Phys. Rev. Lett.",
    volume = "125",
    number = "14",
    pages = "141801",
    year = "2020"
}

@article{Aartsen:2020mla,
    author = "Aartsen, M. G. and others",
    collaboration = "IceCube",
    title = "{IceCube Search for Neutrinos Coincident with Compact Binary Mergers from LIGO-Virgo\textquoteright{}s First Gravitational-wave Transient Catalog}",
    eprint = "2004.02910",
    archivePrefix = "arXiv",
    primaryClass = "astro-ph.HE",
    doi = "10.3847/2041-8213/ab9d24",
    journal = "Astrophys. J. Lett.",
    volume = "898",
    number = "1",
    pages = "L10",
    year = "2020"
}

@article{Aartsen:2020eof,
    author = "Aartsen, M. G. and others",
    collaboration = "IceCube",
    title = "{IceCube Search for High-Energy Neutrino Emission from TeV Pulsar Wind Nebulae}",
    eprint = "2003.12071",
    archivePrefix = "arXiv",
    primaryClass = "astro-ph.HE",
    doi = "10.3847/1538-4357/ab9fa0",
    journal = "Astrophys. J.",
    volume = "898",
    number = "2",
    pages = "117",
    year = "2020"
}

@article{Aartsen:2020tdl,
    author = "Albert, A. and others",
    collaboration = "ANTARES, IceCube",
    title = "{Combined search for neutrinos from dark matter self-annihilation in the Galactic Center with ANTARES and IceCube}",
    eprint = "2003.06614",
    archivePrefix = "arXiv",
    primaryClass = "astro-ph.HE",
    doi = "10.1103/PhysRevD.102.082002",
    journal = "Phys. Rev. D",
    volume = "102",
    number = "8",
    pages = "082002",
    year = "2020"
}

@article{Garca-Fernndez:2020bnd,
    author = "Garca-Fernndez, Daniel and others",
    title = "{NuRadioMC - Simulation Code for the Next Generation of Radio Neutrino Detectors}",
    doi = "10.22323/1.358.0896",
    journal = "PoS",
    volume = "ICRC2019",
    pages = "896",
    year = "2020"
}

@article{Allison:2019xtn,
    author = "Allison, P. and others",
    collaboration = "ARA",
    title = "{Constraints on the diffuse flux of ultrahigh energy neutrinos from four years of Askaryan Radio Array data in two stations}",
    eprint = "1912.00987",
    archivePrefix = "arXiv",
    primaryClass = "astro-ph.HE",
    doi = "10.1103/PhysRevD.102.043021",
    journal = "Phys. Rev. D",
    volume = "102",
    number = "4",
    pages = "043021",
    year = "2020"
}

@article{Aartsen:2019swn,
    author = "Aartsen, M. G. and others",
    collaboration = "IceCube",
    title = "{Neutrino astronomy with the next generation IceCube Neutrino Observatory}",
    eprint = "1911.02561",
    archivePrefix = "arXiv",
    primaryClass = "astro-ph.HE",
    month = "11",
    year = "2019"
}

@article{Allison:2019rgg,
    author = "Allison, P. and others",
    title = "{Long-baseline horizontal radio-frequency transmission through polar ice}",
    eprint = "1908.10689",
    archivePrefix = "arXiv",
    primaryClass = "astro-ph.IM",
    doi = "10.1088/1475-7516/2020/12/009",
    journal = "JCAP",
    volume = "12",
    pages = "009",
    year = "2020"
}

@article{Aguilar:2019jay,
    author = "Aguilar, J. A. and others",
    title = "{The Next-Generation Radio Neutrino Observatory -- Multi-Messenger Neutrino Astrophysics at Extreme Energies}",
    eprint = "1907.12526",
    archivePrefix = "arXiv",
    primaryClass = "astro-ph.HE",
    month = "7",
    year = "2019"
}

@article{Allison:2019urx,
    author = "Connolly, Amy and others",
    collaboration = "ARA",
    title = "{Recent Results from The Askaryan Radio Array}",
    eprint = "1907.11125",
    archivePrefix = "arXiv",
    primaryClass = "astro-ph.HE",
    doi = "10.22323/1.358.0858",
    journal = "PoS",
    volume = "ICRC2019",
    pages = "858",
    year = "2021"
}

@article{Glaser:2019cws,
    author = "Glaser, Christian and others",
    title = "{NuRadioMC: Simulating the radio emission of neutrinos from interaction to detector}",
    eprint = "1906.01670",
    archivePrefix = "arXiv",
    primaryClass = "astro-ph.IM",
    doi = "10.1140/epjc/s10052-020-7612-8",
    journal = "Eur. Phys. J. C",
    volume = "80",
    number = "2",
    pages = "77",
    year = "2020"
}

@phdthesis{Clark:2019ady,
    author = "Clark, Brian A.",
    title = "{Optimization of a Search for Ultra-High Energy Neutrinos in Four Years of Data of ARA Station 2}",
    school = "Ohio State U.",
    year = "2019"
}

@article{Allison:2018ynt,
    author = "Allison, P. and others",
    title = "{Design and performance of an interferometric trigger array for radio detection of high-energy neutrinos}",
    eprint = "1809.04573",
    archivePrefix = "arXiv",
    primaryClass = "astro-ph.IM",
    doi = "10.1016/j.nima.2019.01.067",
    journal = "Nucl. Instrum. Meth. A",
    volume = "930",
    pages = "112--125",
    year = "2019"
}

@article{Allison:2018whu,
    author = "Allison, P. and others",
    title = "{Observation of Reconstructable Radio Emission Coincident with an X-Class Solar Flare in the Askaryan Radio Array Prototype Station}",
    eprint = "1807.03335",
    archivePrefix = "arXiv",
    primaryClass = "astro-ph.HE",
    month = "7",
    year = "2018"
}

@article{Abdul:2017luv,
    author = "Allison, P. and others",
    title = "{Measurement of the real dielectric permittivity $\epsilon_r$ of glacial ice}",
    eprint = "1712.03301",
    archivePrefix = "arXiv",
    primaryClass = "astro-ph.IM",
    doi = "10.1016/j.astropartphys.2019.01.004",
    journal = "Astropart. Phys.",
    volume = "108",
    pages = "63--73",
    year = "2019"
}

@article{Kislat:2015cha,
    author = "Kislat, F. and Clark, B. and Beilicke, M. and Krawczynski, H.",
    title = "{Analyzing the data from X-ray polarimeters with Stokes parameters}",
    eprint = "1409.6214",
    archivePrefix = "arXiv",
    primaryClass = "astro-ph.IM",
    doi = "10.1016/j.astropartphys.2015.02.007",
    journal = "Astropart. Phys.",
    volume = "68",
    pages = "45--51",
    year = "2015"
}
