@article{IceCube:2024wav,
    author = "Abbasi, R. and others",
    collaboration = "IceCube",
    title = "{Citizen Science for IceCube: Name that Neutrino}",
    eprint = "2401.11994",
    archivePrefix = "arXiv",
    primaryClass = "astro-ph.HE",
    month = "1",
    year = "2024"
}

@article{IceCube:2023woj,
    author = "Abbasi, R. and others",
    collaboration = "IceCube",
    title = "{Search for 10--1,000 GeV neutrinos from Gamma Ray Bursts with IceCube}",
    eprint = "2312.11515",
    archivePrefix = "arXiv",
    primaryClass = "astro-ph.HE",
    month = "12",
    year = "2023"
}

@article{IceCube:2023myz,
    author = "Abbasi, R. and others",
    collaboration = "IceCube",
    title = "{All-Sky Search for Transient Astrophysical Neutrino Emission with 10 Years of IceCube Cascade Events}",
    eprint = "2312.05362",
    archivePrefix = "arXiv",
    primaryClass = "astro-ph.HE",
    month = "12",
    year = "2023"
}

@article{IceCube:2023sis,
    author = "Kurahashi Neilson, Naoko and others",
    collaboration = "IceCube",
    title = "{Highlights from the IceCube Neutrino Observatory}",
    eprint = "2310.12840",
    archivePrefix = "arXiv",
    primaryClass = "astro-ph.HE",
    reportNumber = "PoS-ICRC2023-017",
    doi = "10.22323/1.444.0017",
    journal = "PoS",
    volume = "ICRC2023",
    pages = "017",
    year = "2024"
}

@article{IceCube:2023oqe,
    author = "Abbasi, R. and others",
    collaboration = "IceCube",
    title = "{Search for Continuous and Transient Neutrino Emission Associated with IceCube's Highest-Energy Tracks: An 11-Year Analysis}",
    eprint = "2309.12130",
    archivePrefix = "arXiv",
    primaryClass = "astro-ph.HE",
    month = "9",
    year = "2023"
}

@article{IceCube:2023ogt,
    author = "Abbasi, R. and others",
    collaboration = "IceCube",
    title = "{Search for Galactic Core-collapse Supernovae in a Decade of Data Taken with the IceCube Neutrino Observatory}",
    eprint = "2308.01172",
    archivePrefix = "arXiv",
    primaryClass = "astro-ph.HE",
    doi = "10.3847/1538-4357/ad07d1",
    journal = "Astrophys. J.",
    volume = "961",
    number = "1",
    pages = "84",
    year = "2024"
}

@article{IceCube-Gen2:2023dxt,
    author = "Abbasi, Rasha and others",
    collaboration = "IceCube-Gen2",
    title = "{Sensitivity of the IceCube-Gen2 Surface Array for Cosmic-Ray Anisotropy Studies}",
    eprint = "2307.14655",
    archivePrefix = "arXiv",
    primaryClass = "astro-ph.HE",
    reportNumber = "PoS-ICRC2023-354",
    doi = "10.22323/1.444.0354",
    journal = "PoS",
    volume = "ICRC2023",
    pages = "354",
    year = "2023"
}

@article{IceCube-Gen2:2023qpa,
    author = "Dittmer, Markus and others",
    collaboration = "IceCube-Gen2",
    title = "{Performance studies on new 4'' photomultiplier types intended for IceCube-Gen2 optical modules}",
    eprint = "2307.14589",
    archivePrefix = "arXiv",
    primaryClass = "astro-ph.IM",
    reportNumber = "PoS-ICRC2023-985",
    doi = "10.22323/1.444.0985",
    journal = "PoS",
    volume = "ICRC2023",
    pages = "985",
    year = "2023"
}

@article{RNO-G:2023osg,
    author = {Gl\"usenkamp, Thorsten and others},
    collaboration = "RNO-G",
    title = "{VAE-based latent-space classification of RNO-G data}",
    eprint = "2309.16401",
    archivePrefix = "arXiv",
    primaryClass = "astro-ph.HE",
    reportNumber = "PoS(ICRC2023)1056",
    doi = "10.22323/1.444.1056",
    journal = "PoS",
    volume = "ICRC2023",
    pages = "1056",
    year = "2023"
}

@article{IceCube:2023nai,
    author = "Abbasi, R. and others",
    collaboration = "IceCube",
    title = "{Searching for High-energy Neutrino Emission from Seyfert Galaxies in the Northern Sky with IceCube}",
    eprint = "2308.00024",
    archivePrefix = "arXiv",
    primaryClass = "astro-ph.HE",
    reportNumber = "PoS-ICRC2023-1052",
    doi = "10.22323/1.444.1052",
    journal = "PoS",
    volume = "ICRC2023",
    pages = "1052",
    year = "2023"
}

@article{RNO-G:2023oxb,
    author = "Coleman, Alan and others",
    collaboration = "RNO-G",
    title = "{Enhancing the Sensitivity of RNO-G Using a Machine-learning Based Trigger}",
    doi = "10.22323/1.444.1100",
    journal = "PoS",
    volume = "ICRC2023",
    pages = "1100",
    year = "2023"
}

@article{RNO-G:2023fkv,
    author = "Oberla, Eric and others",
    collaboration = "RNO-G",
    title = "{Low-Power Radiofrequency Systems for the RNO-G Project}",
    doi = "10.22323/1.444.1171",
    journal = "PoS",
    volume = "ICRC2023",
    pages = "1171",
    year = "2023"
}

@article{IceCube:2023gzt,
    author = "Abbasi, R. and others",
    collaboration = "IceCube",
    title = "{Searching for Decoherence from Quantum Gravity at the IceCube South Pole Neutrino Observatory}",
    eprint = "2308.00105",
    archivePrefix = "arXiv",
    primaryClass = "hep-ex",
    month = "7",
    year = "2023"
}

@article{RNO-G:2023ibt,
    author = "Muzio, Marco Stein and others",
    collaboration = "RNO-G",
    title = "{Multimessenger Potential of the Radio Neutrino Observatory in Greenland}",
    eprint = "2308.07224",
    archivePrefix = "arXiv",
    primaryClass = "astro-ph.HE",
    doi = "10.22323/1.444.1485",
    journal = "PoS",
    volume = "ICRC2023",
    pages = "1485",
    year = "2023"
}

@inproceedings{IceCube:2023mwx,
    author = "Abbasi, R. and others",
    collaboration = "IceCube",
    title = "{The IceCube Collaboration -- Contributions to the 38th International Cosmic Ray Conference (ICRC2023)}",
    booktitle = "{38th International Cosmic Ray Conference}",
    eprint = "2307.13047",
    archivePrefix = "arXiv",
    primaryClass = "astro-ph.HE",
    month = "7",
    year = "2023"
}

@article{IceCube:2023ujd,
    author = "Abbasi, R. and others",
    collaboration = "IceCube",
    title = "{Search for Extended Sources of Neutrino Emission in the Galactic Plane with IceCube}",
    eprint = "2307.07576",
    archivePrefix = "arXiv",
    primaryClass = "astro-ph.HE",
    doi = "10.3847/1538-4357/acf713",
    journal = "Astrophys. J.",
    volume = "956",
    number = "1",
    pages = "20",
    year = "2023"
}

@article{IceCube:2023ame,
    author = "Abbasi, R. and others",
    collaboration = "IceCube",
    title = "{Observation of high-energy neutrinos from the Galactic plane}",
    eprint = "2307.04427",
    archivePrefix = "arXiv",
    primaryClass = "astro-ph.HE",
    doi = "10.1126/science.adc9818",
    journal = "Science",
    volume = "380",
    number = "6652",
    pages = "adc9818",
    year = "2023"
}

@article{RNO-G:2023hph,
    author = "Henrichs, Jakob and others",
    collaboration = "RNO-G",
    title = "{Searching for air showers with RNO-G}",
    doi = "10.22323/1.424.0007",
    journal = "PoS",
    volume = "ARENA2022",
    pages = "007",
    year = "2023"
}

@article{RNO-G:2023jlv,
    author = "Aguilar, Juan A. and others",
    collaboration = "RNO-G",
    title = "{The Radio Neutrino Observatory Greenland RNO-G: Status update}",
    doi = "10.22323/1.424.0005",
    journal = "PoS",
    volume = "ARENA2022",
    pages = "005",
    year = "2023"
}

@article{IceCube:2023htm,
    author = "Abbasi, R. and others",
    collaboration = "IceCube",
    title = "{Search for Correlations of High-energy Neutrinos Detected in IceCube with Radio-bright AGN and Gamma-Ray Emission from Blazars}",
    eprint = "2304.12675",
    archivePrefix = "arXiv",
    primaryClass = "astro-ph.HE",
    doi = "10.3847/1538-4357/acdfcb",
    journal = "Astrophys. J.",
    volume = "954",
    number = "1",
    pages = "75",
    year = "2023"
}

@article{IceCubeCollaboration:2023wtb,
    author = "Abbasi, R. and others",
    collaboration = "(IceCube Collaboration)*, IceCube",
    title = "{Measurement of atmospheric neutrino mixing with improved IceCube DeepCore calibration and data processing}",
    eprint = "2304.12236",
    archivePrefix = "arXiv",
    primaryClass = "hep-ex",
    doi = "10.1103/PhysRevD.108.012014",
    journal = "Phys. Rev. D",
    volume = "108",
    number = "1",
    pages = "012014",
    year = "2023"
}

@article{IceCube:2023agq,
    author = "Abbasi, R. and others",
    collaboration = "IceCube",
    title = "{IceCat-1: The IceCube Event Catalog of Alert Tracks}",
    eprint = "2304.01174",
    archivePrefix = "arXiv",
    primaryClass = "astro-ph.HE",
    doi = "10.3847/1538-4365/acfa95",
    journal = "Astrophys. J. Suppl.",
    volume = "269",
    number = "1",
    pages = "25",
    year = "2023"
}

@article{IceCube:2023atb,
    author = "Abbasi, R. and others",
    collaboration = "IceCube",
    title = "{A Search for IceCube Sub-TeV Neutrinos Correlated with Gravitational-wave Events Detected By LIGO/Virgo}",
    eprint = "2303.15970",
    archivePrefix = "arXiv",
    primaryClass = "astro-ph.HE",
    doi = "10.3847/1538-4357/aceefc",
    journal = "Astrophys. J.",
    volume = "959",
    number = "2",
    pages = "96",
    year = "2023"
}

@article{IceCube:2023ies,
    author = "Abbasi, R. and others",
    collaboration = "IceCube",
    title = "{Search for neutrino lines from dark matter annihilation and decay with IceCube}",
    eprint = "2303.13663",
    archivePrefix = "arXiv",
    primaryClass = "astro-ph.HE",
    doi = "10.1103/PhysRevD.108.102004",
    journal = "Phys. Rev. D",
    volume = "108",
    number = "10",
    pages = "102004",
    year = "2023"
}

@article{IceCube:2023qem,
    author = "Abbasi, R. and others",
    collaboration = "IceCube",
    title = "{Observation of seasonal variations of the flux of high-energy atmospheric neutrinos with IceCube}",
    eprint = "2303.04682",
    archivePrefix = "arXiv",
    primaryClass = "astro-ph.HE",
    doi = "10.1140/epjc/s10052-023-11679-5",
    journal = "Eur. Phys. J. C",
    volume = "83",
    number = "9",
    pages = "777",
    year = "2023"
}

@article{IceCube:2023esf,
    author = "Abbasi, R. and others",
    collaboration = "IceCube",
    title = "{Constraining High-energy Neutrino Emission from Supernovae with IceCube}",
    eprint = "2303.03316",
    archivePrefix = "arXiv",
    primaryClass = "astro-ph.HE",
    doi = "10.3847/2041-8213/acd2c9",
    journal = "Astrophys. J. Lett.",
    volume = "949",
    number = "1",
    pages = "L12",
    year = "2023"
}

@article{Aguilar:2023tba,
    author = "Aguilar, J. A. and others",
    title = "{Triboelectric backgrounds to radio-based polar ultra-high energy neutrino (UHEN) experiments}",
    doi = "10.1016/j.astropartphys.2022.102790",
    journal = "Astropart. Phys.",
    volume = "145",
    pages = "102790",
    year = "2023"
}

@article{RNO-G:2023otj,
    author = "Pyras, Lilly and others",
    collaboration = "RNO-G",
    title = "{The Radio Neutrino Observatory Greenland: Status Update and Prospect for Air Showers}",
    doi = "10.22323/1.423.0088",
    journal = "PoS",
    volume = "ECRS",
    pages = "088",
    year = "2023"
}

@article{IceCube:2023rhf,
    author = "Abbasi, R. and others",
    collaboration = "IceCube",
    title = "{Limits on Neutrino Emission from GRB 221009A from MeV to PeV Using the IceCube Neutrino Observatory}",
    eprint = "2302.05459",
    archivePrefix = "arXiv",
    primaryClass = "astro-ph.HE",
    doi = "10.3847/2041-8213/acc077",
    journal = "Astrophys. J. Lett.",
    volume = "946",
    number = "1",
    pages = "L26",
    year = "2023"
}

@article{IceCube:2022mng,
    author = "Abbasi, R. and others",
    collaboration = "IceCube",
    title = "{D-Egg: a dual PMT optical module for IceCube}",
    eprint = "2212.14526",
    archivePrefix = "arXiv",
    primaryClass = "astro-ph.IM",
    doi = "10.1088/1748-0221/18/04/P04014",
    journal = "JINST",
    volume = "18",
    number = "04",
    pages = "P04014",
    year = "2023"
}

@article{IceCube:2022mjy,
    author = "Abbasi, R. and others",
    collaboration = "IceCube",
    title = "{A Search for Coincident Neutrino Emission from Fast Radio Bursts with Seven Years of IceCube Cascade Events}",
    eprint = "2212.06702",
    archivePrefix = "arXiv",
    primaryClass = "astro-ph.HE",
    doi = "10.3847/1538-4357/acbea0",
    journal = "Astrophys. J.",
    volume = "946",
    number = "2",
    pages = "80",
    year = "2023"
}

@article{IceCube:2022lnv,
    author = "Abbasi, R. and others",
    collaboration = "IceCube",
    title = "{Search for sub-TeV Neutrino Emission from Novae with IceCube-DeepCore}",
    eprint = "2212.06810",
    archivePrefix = "arXiv",
    primaryClass = "astro-ph.HE",
    doi = "10.3847/1538-4357/acdc1b",
    journal = "Astrophys. J.",
    volume = "953",
    number = "2",
    pages = "160",
    year = "2023"
}

@article{IceCube:2022heu,
    author = "Abbasi, R. and others",
    collaboration = "IceCube",
    title = "{Searches for Neutrinos from Large High Altitude Air Shower Observatory Ultra-high-energy \ensuremath{\gamma}-Ray Sources Using the IceCube Neutrino Observatory}",
    eprint = "2211.14184",
    archivePrefix = "arXiv",
    primaryClass = "astro-ph.HE",
    doi = "10.3847/2041-8213/acb933",
    journal = "Astrophys. J. Lett.",
    volume = "945",
    number = "1",
    pages = "L8",
    year = "2023"
}

@article{IceCube:2022der,
    author = "Abbasi, R. and others",
    collaboration = "IceCube",
    title = "{Evidence for neutrino emission from the nearby active galaxy NGC 1068}",
    eprint = "2211.09972",
    archivePrefix = "arXiv",
    primaryClass = "astro-ph.HE",
    doi = "10.1126/science.abg3395",
    journal = "Science",
    volume = "378",
    number = "6619",
    pages = "538--543",
    year = "2022"
}

@article{IceCube:2022ham,
    author = "Abbasi, R. and others",
    collaboration = "IceCube",
    title = "{Constraints on Populations of Neutrino Sources from Searches in the Directions of IceCube Neutrino Alerts}",
    eprint = "2210.04930",
    archivePrefix = "arXiv",
    primaryClass = "astro-ph.HE",
    doi = "10.3847/1538-4357/acd2ca",
    journal = "Astrophys. J.",
    volume = "951",
    number = "1",
    pages = "45",
    year = "2023"
}

@article{IceCube:2022njh,
    author = "Abbasi, R. and others",
    collaboration = "IceCube",
    title = "{Graph Neural Networks for low-energy event classification \& reconstruction in IceCube}",
    eprint = "2209.03042",
    archivePrefix = "arXiv",
    primaryClass = "hep-ex",
    doi = "10.1088/1748-0221/17/11/P11003",
    journal = "JINST",
    volume = "17",
    number = "11",
    pages = "P11003",
    year = "2022"
}

@article{IceCube:2022mma,
    author = "Abbasi, R. and others",
    collaboration = "IceCube",
    title = "{IceCube Search for Neutrinos Coincident with Gravitational Wave Events from LIGO/Virgo Run O3}",
    eprint = "2208.09532",
    archivePrefix = "arXiv",
    primaryClass = "astro-ph.HE",
    doi = "10.3847/1538-4357/aca5fc",
    journal = "Astrophys. J.",
    volume = "944",
    number = "1",
    pages = "80",
    year = "2023"
}

@article{IceCube:2022zbd,
    author = "Abbasi, R. and others",
    collaboration = "IceCube",
    title = "{Search for Astrophysical Neutrinos from 1FLE Blazars with IceCube}",
    eprint = "2207.04946",
    archivePrefix = "arXiv",
    primaryClass = "astro-ph.HE",
    doi = "10.3847/1538-4357/ac8de4",
    journal = "Astrophys. J.",
    volume = "938",
    number = "1",
    pages = "38",
    year = "2022"
}

@article{IceCube:2022ccm,
    author = "Abbasi, R. and others",
    collaboration = "IceCube",
    title = "{Searching for High-energy Neutrino Emission from Galaxy Clusters with IceCube}",
    eprint = "2206.02054",
    archivePrefix = "arXiv",
    primaryClass = "astro-ph.HE",
    doi = "10.3847/2041-8213/ac966b",
    journal = "Astrophys. J. Lett.",
    volume = "938",
    number = "2",
    pages = "L11",
    year = "2022"
}

@article{IceCube:2022clp,
    author = "Abbasi, R. and others",
    collaboration = "IceCube",
    title = "{Searches for connections between dark matter and high-energy neutrinos with IceCube}",
    eprint = "2205.12950",
    archivePrefix = "arXiv",
    primaryClass = "hep-ex",
    doi = "10.1088/1475-7516/2023/10/003",
    journal = "JCAP",
    volume = "10",
    pages = "003",
    year = "2023"
}

@article{IceCube:2022rlk,
    author = "Abbasi, R. and others",
    collaboration = "IceCube, Fermi Gamma-ray Burst Monitor",
    title = "{Searches for Neutrinos from Gamma-Ray Bursts Using the IceCube Neutrino Observatory}",
    eprint = "2205.11410",
    archivePrefix = "arXiv",
    primaryClass = "astro-ph.HE",
    doi = "10.3847/1538-4357/ac9785",
    journal = "Astrophys. J.",
    volume = "939",
    number = "2",
    pages = "116",
    year = "2022"
}

@article{IceCube:2022dcd,
    author = "Abbasi, R. and others",
    collaboration = "IceCube",
    title = "{Framework and tools for the simulation and analysis of the radio emission from air showers at IceCube}",
    eprint = "2205.02258",
    archivePrefix = "arXiv",
    primaryClass = "astro-ph.HE",
    doi = "10.1088/1748-0221/17/06/P06026",
    journal = "JINST",
    volume = "17",
    number = "06",
    pages = "P06026",
    year = "2022"
}

@article{IceCubeCollaboration:2022tso,
    author = "Abbasi, R. and others",
    collaboration = "(IceCube Collaboration)*, IceCube",
    title = "{Search for Unstable Sterile Neutrinos with the IceCube Neutrino Observatory}",
    eprint = "2204.00612",
    archivePrefix = "arXiv",
    primaryClass = "hep-ex",
    doi = "10.1103/PhysRevLett.129.151801",
    journal = "Phys. Rev. Lett.",
    volume = "129",
    number = "15",
    pages = "151801",
    year = "2022"
}

@article{Ackermann:2022rqc,
    author = "Ackermann, Markus and others",
    title = "{High-energy and ultra-high-energy neutrinos: A Snowmass white paper}",
    eprint = "2203.08096",
    archivePrefix = "arXiv",
    primaryClass = "hep-ph",
    doi = "10.1016/j.jheap.2022.08.001",
    journal = "JHEAp",
    volume = "36",
    pages = "55--110",
    year = "2022"
}

@article{IceCube:2022kff,
    author = "Abbasi, R. and others",
    collaboration = "IceCube",
    title = "{Low energy event reconstruction in IceCube DeepCore}",
    eprint = "2203.02303",
    archivePrefix = "arXiv",
    primaryClass = "hep-ex",
    doi = "10.1140/epjc/s10052-022-10721-2",
    journal = "Eur. Phys. J. C",
    volume = "82",
    number = "9",
    pages = "807",
    year = "2022"
}

@article{IceCube:2022jpz,
    author = "Abbasi, R. and others",
    collaboration = "IceCube",
    title = "{Search for High-energy Neutrino Emission from Galactic X-Ray Binaries with IceCube}",
    eprint = "2202.11722",
    archivePrefix = "arXiv",
    primaryClass = "astro-ph.HE",
    doi = "10.3847/2041-8213/ac67d8",
    journal = "Astrophys. J. Lett.",
    volume = "930",
    number = "2",
    pages = "L24",
    year = "2022"
}

@article{vanSanten:2022wss,
    author = "van Santen, Jakob and Clark, Brian A. and Halliday, Rob and Hallmann, Steffen and Nelles, Anna",
    title = "{toise: a framework to describe the performance of high-energy neutrino detectors}",
    eprint = "2202.11120",
    archivePrefix = "arXiv",
    primaryClass = "astro-ph.IM",
    doi = "10.1088/1748-0221/17/08/T08009",
    journal = "JINST",
    volume = "17",
    number = "08",
    pages = "T08009",
    year = "2022"
}

@article{ARA:2022rwq,
    author = "Allison, P. and others",
    collaboration = "ARA",
    title = "{Low-threshold ultrahigh-energy neutrino search with the Askaryan Radio Array}",
    eprint = "2202.07080",
    archivePrefix = "arXiv",
    primaryClass = "astro-ph.HE",
    doi = "10.1103/PhysRevD.105.122006",
    journal = "Phys. Rev. D",
    volume = "105",
    number = "12",
    pages = "122006",
    year = "2022"
}

@article{IceCubeCollaboration:2022tla,
    author = "Abbasi, R. and others",
    collaboration = "(IceCube Collaboration)*, IceCube",
    title = "{Density of GeV muons in air showers measured with IceTop}",
    eprint = "2201.12635",
    archivePrefix = "arXiv",
    primaryClass = "hep-ex",
    doi = "10.1103/PhysRevD.106.032010",
    journal = "Phys. Rev. D",
    volume = "106",
    number = "3",
    pages = "032010",
    year = "2022"
}

@article{Aguilar:2022kgi,
    author = "Aguilar, J. A. and others",
    title = "{In situ, broadband measurement of the radio frequency attenuation length at Summit Station, Greenland}",
    eprint = "2201.07846",
    archivePrefix = "arXiv",
    primaryClass = "astro-ph.IM",
    doi = "10.1017/jog.2022.40",
    month = "1",
    year = "2022"
}

@article{IceCube:2022osb,
    author = "Albert, A. and others",
    collaboration = "IceCube, Pierre Auger, Telescope Array, Auger, ANTARES",
    title = "{Search for Spatial Correlations of Neutrinos with Ultra-high-energy Cosmic Rays}",
    eprint = "2201.07313",
    archivePrefix = "arXiv",
    primaryClass = "astro-ph.HE",
    doi = "10.3847/1538-4357/ac6def",
    journal = "Astrophys. J.",
    volume = "934",
    number = "2",
    pages = "164",
    year = "2022"
}

@article{IceCube:2022ubv,
    author = "Abbasi, R. and others",
    collaboration = "IceCube",
    title = "{Strong Constraints on Neutrino Nonstandard Interactions from TeV-Scale $\nu_u$ Disappearance at IceCube}",
    eprint = "2201.03566",
    archivePrefix = "arXiv",
    primaryClass = "hep-ex",
    doi = "10.1103/PhysRevLett.129.011804",
    journal = "Phys. Rev. Lett.",
    volume = "129",
    number = "1",
    pages = "011804",
    year = "2022"
}

@article{IceCube:2021uhz,
    author = "Abbasi, R. and others",
    collaboration = "IceCube",
    title = "{Improved Characterization of the Astrophysical Muon\textendash{}neutrino Flux with 9.5 Years of IceCube Data}",
    eprint = "2111.10299",
    archivePrefix = "arXiv",
    primaryClass = "astro-ph.HE",
    doi = "10.3847/1538-4357/ac4d29",
    journal = "Astrophys. J.",
    volume = "928",
    number = "1",
    pages = "50",
    year = "2022"
}

@article{IceCube:2021pgw,
    author = "Abbasi, R. and others",
    collaboration = "IceCube",
    title = "{Search for neutrino emission from cores of active galactic nuclei}",
    eprint = "2111.10169",
    archivePrefix = "arXiv",
    primaryClass = "astro-ph.HE",
    doi = "10.1103/PhysRevD.106.022005",
    journal = "Phys. Rev. D",
    volume = "106",
    number = "2",
    pages = "022005",
    year = "2022"
}

@article{IceCube:2021xzo,
    author = "Abbasi, R. and others",
    collaboration = "IceCube",
    title = "{Search for GeV-scale dark matter annihilation in the Sun with IceCube DeepCore}",
    eprint = "2111.09970",
    archivePrefix = "arXiv",
    primaryClass = "astro-ph.HE",
    doi = "10.1103/PhysRevD.105.062004",
    journal = "Phys. Rev. D",
    volume = "105",
    number = "6",
    pages = "062004",
    year = "2022"
}

@article{IceCube:2021tdn,
    author = "Abbasi, R. and others",
    collaboration = "IceCube",
    title = "{Search for quantum gravity using astrophysical neutrino flavour with IceCube}",
    eprint = "2111.04654",
    archivePrefix = "arXiv",
    primaryClass = "hep-ex",
    doi = "10.1038/s41567-022-01762-1",
    journal = "Nature Phys.",
    volume = "18",
    number = "11",
    pages = "1287--1292",
    year = "2022"
}

@article{IceCube:2021eye,
    author = "Abbasi, R. and others",
    collaboration = "IceCube",
    title = "{Search for Relativistic Magnetic Monopoles with Eight Years of IceCube Data}",
    eprint = "2109.13719",
    archivePrefix = "arXiv",
    primaryClass = "astro-ph.HE",
    doi = "10.1103/PhysRevLett.128.051101",
    journal = "Phys. Rev. Lett.",
    volume = "128",
    number = "5",
    pages = "051101",
    year = "2022"
}

@article{IceCube:2021slf,
    author = "Abbasi, R. and others",
    collaboration = "IceCube",
    title = "{Search for Multi-flare Neutrino Emissions in 10 yr of IceCube Data from a Catalog of Sources}",
    eprint = "2109.05818",
    archivePrefix = "arXiv",
    primaryClass = "astro-ph.HE",
    doi = "10.3847/2041-8213/ac2c7b",
    journal = "Astrophys. J. Lett.",
    volume = "920",
    number = "2",
    pages = "L45",
    year = "2021"
}

@article{VERITAS:2021mjg,
    author = "Acciari, Victor A. and others",
    collaboration = "VERITAS, MAGIC, IceCube, H.E.S.S., FACT",
    title = "{Searching for VHE gamma-ray emission associated with IceCube neutrino alerts using FACT, H.E.S.S., MAGIC, and VERITAS}",
    eprint = "2109.04350",
    archivePrefix = "arXiv",
    primaryClass = "astro-ph.HE",
    reportNumber = "PoS-ICRC2021-960",
    doi = "10.22323/1.395.0960",
    journal = "PoS",
    volume = "ICRC2021",
    pages = "960",
    year = "2021"
}

@article{Clark:2021fkg,
    author = "Clark, Brian",
    collaboration = "IceCube-Gen2",
    title = "{The IceCube-Gen2 Neutrino Observatory}",
    eprint = "2108.05292",
    archivePrefix = "arXiv",
    primaryClass = "astro-ph.HE",
    doi = "10.1088/1748-0221/16/10/C10007",
    journal = "JINST",
    volume = "16",
    number = "10",
    pages = "C10007",
    year = "2021"
}

@article{HAWC:2021rja,
    author = "Ayala, Hugo and others",
    collaboration = "HAWC, IceCube, ANTARES, AMON Group",
    title = "{Multimessenger NuEM Alerts with AMON}",
    eprint = "2108.04920",
    archivePrefix = "arXiv",
    primaryClass = "astro-ph.HE",
    reportNumber = "PoS-ICRC2021-958",
    doi = "10.22323/1.395.0958",
    journal = "PoS",
    volume = "ICRC2021",
    pages = "958",
    year = "2021"
}

@article{IceCube-Gen2:2021jce,
    author = "Abbasi, Rasha and others",
    collaboration = "IceCube-Gen2",
    title = "{Simulation study for the future IceCube-Gen2 surface array}",
    eprint = "2108.04307",
    archivePrefix = "arXiv",
    primaryClass = "astro-ph.HE",
    reportNumber = "PoS-ICRC2021-411",
    doi = "10.22323/1.395.0411",
    journal = "PoS",
    volume = "ICRC2021",
    pages = "411",
    year = "2021"
}

@article{IceCube:2021oos,
    author = "Abbasi, Rasha and others",
    collaboration = "IceCube",
    title = "{Searching for neutrino transients below 1 TeV with IceCube}",
    eprint = "2108.01530",
    archivePrefix = "arXiv",
    primaryClass = "astro-ph.HE",
    reportNumber = "PoS-ICRC2021-1098",
    doi = "10.22323/1.395.1131",
    journal = "PoS",
    volume = "ICRC2021",
    pages = "1131",
    year = "2021"
}

@article{IceCube-Gen2:2021aek,
    author = "Schroeder, Frank G. and others",
    collaboration = "IceCube-Gen2",
    title = "{The Surface Array planned for IceCube-Gen2}",
    eprint = "2108.00364",
    archivePrefix = "arXiv",
    primaryClass = "astro-ph.HE",
    reportNumber = "PoS-ICRC2021-407",
    doi = "10.22323/1.395.0407",
    journal = "PoS",
    volume = "ICRC2021",
    pages = "407",
    year = "2021"
}

@article{IceCube:2021aen,
    author = "Clark, Brian and others",
    collaboration = "IceCube",
    title = "{Characterization of the PeV astrophysical neutrino energy spectrum with IceCube using down-going tracks}",
    eprint = "2107.14298",
    archivePrefix = "arXiv",
    primaryClass = "astro-ph.HE",
    reportNumber = "PoS-ICRC2021-1137",
    doi = "10.22323/1.395.1137",
    journal = "PoS",
    volume = "ICRC2021",
    pages = "1137",
    year = "2021"
}

@article{IceCube:2021vlt,
    author = "Abbasi, Rasha and others",
    collaboration = "IceCube",
    title = "{Searching for time-dependent high-energy neutrino emission from X-ray binaries with IceCube}",
    eprint = "2107.12383",
    archivePrefix = "arXiv",
    primaryClass = "astro-ph.HE",
    reportNumber = "PoS-ICRC2021-1136",
    doi = "10.22323/1.395.1136",
    journal = "PoS",
    volume = "ICRC2021",
    pages = "1136",
    year = "2021"
}

@article{IceCube:2021ahz,
    author = "Abbasi, Rasha and others",
    collaboration = "IceCube",
    title = "{Gravitational Wave Follow-Up Using Low Energy Neutrinos in IceCube DeepCore}",
    eprint = "2107.11285",
    archivePrefix = "arXiv",
    primaryClass = "astro-ph.HE",
    reportNumber = "PoS-ICRC2021-939",
    doi = "10.22323/1.395.0939",
    journal = "PoS",
    volume = "ICRC2021",
    pages = "939",
    year = "2021"
}

@article{IceCube:2021kcv,
    author = "Abbasi, Rasha and others",
    collaboration = "IceCube",
    title = "{Discrimination of Muons for Mass Composition Studies of Inclined Air Showers Detected with IceTop}",
    eprint = "2107.11293",
    archivePrefix = "arXiv",
    primaryClass = "astro-ph.HE",
    reportNumber = "PoS-ICRC2021-212",
    doi = "10.22323/1.395.0212",
    journal = "PoS",
    volume = "ICRC2021",
    pages = "212",
    year = "2021"
}

@article{IceCube:2021gpn,
    author = "Abbasi, Rasha and others",
    collaboration = "IceCube",
    title = "{Reconstructing Neutrino Energy using CNNs for GeV Scale IceCube Events}",
    eprint = "2107.11446",
    archivePrefix = "arXiv",
    primaryClass = "astro-ph.HE",
    reportNumber = "PoS-ICRC2021-1053",
    doi = "10.22323/1.395.1053",
    journal = "PoS",
    volume = "ICRC2021",
    pages = "1053",
    year = "2021"
}

@article{IceCube:2021acr,
    author = "Bechtol, Ellen and others",
    collaboration = "IceCube, Multimessenger Diversity Network",
    title = "{Towards Equitable, Diverse, and Inclusive science collaborations: The Multimessenger Diversity Network}",
    eprint = "2107.12179",
    archivePrefix = "arXiv",
    primaryClass = "physics.ed-ph",
    reportNumber = "PoS-ICRC2021-1383",
    doi = "10.22323/1.395.1383",
    journal = "PoS",
    volume = "ICRC2021",
    pages = "1383",
    year = "2021"
}

@article{IceCube:2021wvc,
    author = "Abbasi, Rasha and others",
    collaboration = "IceCube",
    title = "{New flux limit in the low relativistic regime for magnetic monopoles at IceCube}",
    eprint = "2107.10548",
    archivePrefix = "arXiv",
    primaryClass = "astro-ph.HE",
    reportNumber = "PoS-ICRC2021-534",
    doi = "10.22323/1.395.0534",
    journal = "PoS",
    volume = "ICRC2021",
    pages = "534",
    year = "2021"
}

@article{IceCube:2021kmu,
    author = "Halve, Lasse and others",
    collaboration = "IceCube",
    title = "{Design of an Efficient, High-Throughput Photomultiplier Tube Testing Facility for the IceCube Upgrade}",
    eprint = "2107.09954",
    archivePrefix = "arXiv",
    primaryClass = "astro-ph.HE",
    reportNumber = "PoS-ICRC2021-1056",
    doi = "10.22323/1.395.1056",
    journal = "PoS",
    volume = "ICRC2021",
    pages = "1056",
    year = "2021"
}

@article{IceCube:2021oiv,
    author = "Necker, Jannis and others",
    collaboration = "IceCube",
    title = "{Searching for High-Energy Neutrinos from Core-Collapse Supernovae with IceCube}",
    eprint = "2107.09317",
    archivePrefix = "arXiv",
    primaryClass = "astro-ph.HE",
    reportNumber = "PoS-ICRC2021-1116",
    doi = "10.22323/1.395.1116",
    journal = "PoS",
    volume = "ICRC2021",
    pages = "1116",
    year = "2021"
}

@article{IceCube:2021ixw,
    author = "Verpoest, Stef and others",
    collaboration = "IceCube",
    title = "{Testing Hadronic Interaction Models with Cosmic Ray Measurements at the IceCube Neutrino Observatory}",
    eprint = "2107.09387",
    archivePrefix = "arXiv",
    primaryClass = "astro-ph.HE",
    reportNumber = "PoS-ICRC2021-357",
    doi = "10.22323/1.395.0357",
    journal = "PoS",
    volume = "ICRC2021",
    pages = "357",
    year = "2021"
}

@article{IceCube:2021oyo,
    author = "Pizzuto, Alex and others",
    collaboration = "IceCube",
    title = "{Realtime follow-up of astrophysical transients with the IceCube Neutrino Observatory}",
    eprint = "2107.09551",
    archivePrefix = "arXiv",
    primaryClass = "astro-ph.HE",
    reportNumber = "PoS-ICRC2021-952",
    doi = "10.22323/1.395.0952",
    journal = "PoS",
    volume = "ICRC2021",
    pages = "952",
    year = "2021"
}

@article{IceCube:2021ldz,
    author = "Abbasi, Rasha and others",
    collaboration = "IceCube",
    title = "{Study of mass composition of cosmic rays with IceTop and IceCube}",
    eprint = "2107.09626",
    archivePrefix = "arXiv",
    primaryClass = "astro-ph.HE",
    reportNumber = "PoS-ICRC2021-323",
    doi = "10.22323/1.395.0323",
    journal = "PoS",
    volume = "ICRC2021",
    pages = "323",
    year = "2021"
}

@article{IceCube:2021ads,
    author = "Veske, Do\u{g}a and others",
    collaboration = "IceCube",
    title = "{Multi-messenger searches via IceCube\textquoteright{}s high-energy neutrinos and gravitational-wave detections of LIGO/Virgo}",
    eprint = "2107.09663",
    archivePrefix = "arXiv",
    primaryClass = "astro-ph.HE",
    reportNumber = "PoS-ICRC2021-950",
    doi = "10.22323/1.395.0950",
    journal = "PoS",
    volume = "ICRC2021",
    pages = "950",
    year = "2021"
}

@article{IceCube:2021jhz,
    author = "Abbasi, Rasha and others",
    collaboration = "IceCube",
    title = "{Measuring total neutrino cross section with IceCube at intermediate energies (\textasciitilde{}100 GeV to a few TeV)}",
    eprint = "2107.09764",
    archivePrefix = "arXiv",
    primaryClass = "astro-ph.HE",
    reportNumber = "PoS-ICRC2021-1132",
    doi = "10.22323/1.395.1132",
    journal = "PoS",
    volume = "ICRC2021",
    pages = "1132",
    year = "2021"
}

@article{IceCube:2021epf,
    author = "Abbasi, Rasha and others",
    collaboration = "IceCube",
    title = "{First air-shower measurements with the prototype station of the IceCube surface enhancement}",
    eprint = "2107.08750",
    archivePrefix = "arXiv",
    primaryClass = "astro-ph.HE",
    reportNumber = "PoS-ICRC2021-314",
    doi = "10.22323/1.395.0314",
    journal = "PoS",
    volume = "ICRC2021",
    pages = "314",
    year = "2021"
}

@article{IceCube-Gen2:2021rkf,
    author = "Abbasi, Rasha and others",
    collaboration = "IceCube-Gen2",
    title = "{Sensitivity studies for the IceCube-Gen2 radio array}",
    eprint = "2107.08910",
    archivePrefix = "arXiv",
    primaryClass = "astro-ph.HE",
    reportNumber = "PoS-ICRC2021-1183",
    doi = "10.22323/1.395.1183",
    journal = "PoS",
    volume = "ICRC2021",
    pages = "1183",
    year = "2021"
}

@article{IceCube:2021qyj,
    author = "Abbasi, Rasha and others",
    collaboration = "IceCube",
    title = "{Searches for Neutrinos from Precursors and Afterglows of Gamma-Ray Bursts using the IceCube Neutrino Observatory}",
    eprint = "2107.08870",
    archivePrefix = "arXiv",
    primaryClass = "astro-ph.HE",
    reportNumber = "PoS-ICRC2021-1118",
    doi = "10.22323/1.395.1118",
    journal = "PoS",
    volume = "ICRC2021",
    pages = "1118",
    year = "2021"
}

@article{IceCube:2021zfm,
    author = "Abbasi, Rasha and others",
    collaboration = "IceCube",
    title = "{IceCube Search for High-Energy Neutrinos from Ultra-Luminous Infrared Galaxies}",
    eprint = "2107.08422",
    archivePrefix = "arXiv",
    primaryClass = "astro-ph.HE",
    reportNumber = "PoS-ICRC2021-1115",
    doi = "10.22323/1.395.1115",
    journal = "PoS",
    volume = "ICRC2021",
    pages = "1115",
    year = "2021"
}

@article{IceCubecollaboration2:2021zto,
    author = "Abbasi, Rasha and others",
    collaboration = "IceCube collaboration2, IceCube",
    title = "{Search for high-energy neutrino emission from hard X-ray AGN with IceCube}",
    eprint = "2107.08366",
    archivePrefix = "arXiv",
    primaryClass = "astro-ph.HE",
    reportNumber = "PoS-ICRC2021-1142",
    doi = "10.1088/1748-0221/16/09/C09013",
    journal = "JINST",
    volume = "16",
    number = "09",
    pages = "C09013",
    year = "2021"
}

@article{IceCube-Gen2:2021pdk,
    author = "Abbasi, Rasha and others",
    collaboration = "IceCube-Gen2",
    title = "{Simulation and sensitivities for a phased IceCube-Gen2 deployment}",
    eprint = "2107.08500",
    archivePrefix = "arXiv",
    primaryClass = "astro-ph.HE",
    reportNumber = "PoS-ICRC2021-1186",
    doi = "10.22323/1.395.1186",
    journal = "PoS",
    volume = "ICRC2021",
    pages = "1186",
    year = "2021"
}

@article{IceCube-Gen2:2021tmd,
    author = "Omeliukh, Anastasiia and others",
    collaboration = "IceCube-Gen2",
    title = "{Optimization of the optical array geometry for IceCube-Gen2}",
    eprint = "2107.08527",
    archivePrefix = "arXiv",
    primaryClass = "astro-ph.HE",
    reportNumber = "PoS-ICRC2021-1184",
    doi = "10.22323/1.395.1184",
    journal = "PoS",
    volume = "ICRC2021",
    pages = "1184",
    year = "2021"
}

@article{IceCube:2021xps,
    author = "Abbasi, Rasha and others",
    collaboration = "IceCube",
    title = "{Analysis framework for multi-messenger astronomy with IceCube}",
    eprint = "2107.08254",
    archivePrefix = "arXiv",
    primaryClass = "astro-ph.IM",
    reportNumber = "PoS-ICRC2021-1098",
    doi = "10.22323/1.395.1098",
    journal = "PoS",
    volume = "ICRC2021",
    pages = "1098",
    year = "2021"
}

@article{IceCube:2021imv,
    author = "Larson, Michael J. and others",
    collaboration = "IceCube",
    title = "{Testing the AGN Radio and Neutrino correlation using the MOJAVE catalog and 10 years of IceCube Data}",
    eprint = "2107.08115",
    archivePrefix = "arXiv",
    primaryClass = "astro-ph.HE",
    reportNumber = "PoS-ICRC2021-949",
    doi = "10.22323/1.395.0949",
    journal = "PoS",
    volume = "ICRC2021",
    pages = "949",
    year = "2021"
}

@article{IceCube-Gen2:2021qxw,
    author = "Basu, Vedant and others",
    collaboration = "IceCube-Gen2",
    title = "{A next-generation optical sensor for IceCube-Gen2}",
    eprint = "2107.08837",
    archivePrefix = "arXiv",
    primaryClass = "astro-ph.IM",
    reportNumber = "PoS-ICRC2021-1062",
    doi = "10.22323/1.395.1062",
    journal = "PoS",
    volume = "ICRC2021",
    pages = "1062",
    year = "2021"
}

@article{IceCube-Gen2:2021yep,
    author = "Abbasi, R. and others",
    collaboration = "IceCube-Gen2",
    title = "{The IceCube-Gen2 Collaboration -- Contributions to the 37th International Cosmic Ray Conference (ICRC2021)}",
    eprint = "2107.06968",
    archivePrefix = "arXiv",
    primaryClass = "astro-ph.HE",
    month = "7",
    year = "2021"
}

@article{IceCube:2021fyh,
    author = "Abbasi, R. and others",
    collaboration = "IceCube",
    title = "{The IceCube Collaboration -- Contributions to the 37th International Cosmic Ray Conference (ICRC2021)}",
    eprint = "2107.06966",
    archivePrefix = "arXiv",
    primaryClass = "astro-ph.HE",
    month = "7",
    year = "2021"
}

@article{IceCube:2021waz,
    author = "Abbasi, R. and others",
    collaboration = "IceCube",
    title = "{Search for High-energy Neutrinos from Ultraluminous Infrared Galaxies with IceCube}",
    eprint = "2107.03149",
    archivePrefix = "arXiv",
    primaryClass = "astro-ph.HE",
    doi = "10.3847/1538-4357/ac3cb6",
    journal = "Astrophys. J.",
    volume = "926",
    number = "1",
    pages = "59",
    year = "2022"
}

@article{Aguilar:2021uzt,
    author = "Aguilar, J. A. and others",
    title = "{Reconstructing the neutrino energy for in-ice radio detectors: A study for the Radio Neutrino Observatory Greenland (RNO-G)}",
    eprint = "2107.02604",
    archivePrefix = "arXiv",
    primaryClass = "astro-ph.HE",
    doi = "10.1140/epjc/s10052-022-10034-4",
    journal = "Eur. Phys. J. C",
    volume = "82",
    number = "2",
    pages = "147",
    year = "2022"
}

@article{IceCubeCollaboration:2021euf,
    author = "Abbasi, R. and others",
    collaboration = "(IceCube Collaboration)*, IceCube",
    title = "{All-flavor constraints on nonstandard neutrino interactions and generalized matter potential with three years of IceCube DeepCore data}",
    eprint = "2106.07755",
    archivePrefix = "arXiv",
    primaryClass = "hep-ex",
    doi = "10.1103/PhysRevD.104.072006",
    journal = "Phys. Rev. D",
    volume = "104",
    number = "7",
    pages = "072006",
    year = "2021"
}

@article{IceCube:2021ddq,
    author = "Abbasi, R. and others",
    collaboration = "IceCube",
    title = "{Probing neutrino emission at GeV energies from compact binary mergers with the IceCube Neutrino Observatory}",
    eprint = "2105.13160",
    archivePrefix = "arXiv",
    primaryClass = "astro-ph.HE",
    month = "5",
    year = "2021"
}

@article{IceCube:2021rpz,
    author = "Aartsen, M. G. and others",
    collaboration = "IceCube",
    title = "{Detection of a particle shower at the Glashow resonance with IceCube}",
    eprint = "2110.15051",
    archivePrefix = "arXiv",
    primaryClass = "hep-ex",
    doi = "10.1038/s41586-021-03256-1",
    journal = "Nature",
    volume = "591",
    number = "7849",
    pages = "220--224",
    year = "2021",
    note = "[Erratum: Nature 592, E11 (2021)]"
}

@article{IceCube:2021oqo,
    author = "Abbasi, R. and others",
    collaboration = "IceCube",
    title = "{A muon-track reconstruction exploiting stochastic losses for large-scale Cherenkov detectors}",
    eprint = "2103.16931",
    archivePrefix = "arXiv",
    primaryClass = "hep-ex",
    doi = "10.1088/1748-0221/16/08/P08034",
    journal = "JINST",
    volume = "16",
    number = "08",
    pages = "P08034",
    year = "2021"
}

@article{Aguilar:2021voo,
    author = "Aguilar, J. A. and others",
    title = "{Triboelectric Backgrounds to radio-based UHE Neutrino Exeperiments}",
    eprint = "2103.06079",
    archivePrefix = "arXiv",
    primaryClass = "astro-ph.IM",
    month = "3",
    year = "2021"
}

@article{Abbasi:2021ryj,
    author = "Abbasi, R. and others",
    title = "{A Convolutional Neural Network based Cascade Reconstruction for the IceCube Neutrino Observatory}",
    eprint = "2101.11589",
    archivePrefix = "arXiv",
    primaryClass = "hep-ex",
    doi = "10.1088/1748-0221/16/07/P07041",
    journal = "JINST",
    volume = "16",
    pages = "P07041",
    year = "2021"
}

@article{IceCube:2021xar,
    author = "Abbasi, R. and others",
    collaboration = "IceCube",
    title = "{IceCube Data for Neutrino Point-Source Searches Years 2008-2018}",
    eprint = "2101.09836",
    archivePrefix = "arXiv",
    primaryClass = "astro-ph.HE",
    doi = "10.21234/CPKQ-K003",
    month = "1",
    year = "2021"
}

@article{IceCube:2021jwt,
    author = "Abbasi, R. and others",
    collaboration = "IceCube",
    title = "{Search for GeV neutrino emission during intense gamma-ray solar flares with the IceCube Neutrino Observatory}",
    eprint = "2101.00610",
    archivePrefix = "arXiv",
    primaryClass = "astro-ph.HE",
    doi = "10.1103/PhysRevD.103.102001",
    journal = "Phys. Rev. D",
    volume = "103",
    number = "10",
    pages = "102001",
    year = "2021"
}

@article{Hughes:2021ndi,
    author = "Hughes, Kaeli and others",
    title = "{Implementing a Low-Threshold Analysis with the Askaryan Radio Array (ARA)}",
    doi = "10.22323/1.395.1153",
    journal = "PoS",
    volume = "ICRC2021",
    pages = "1153",
    year = "2021"
}

@article{ARA:2021oii,
    author = "Kim, Myoungchul and others",
    collaboration = "ARA",
    title = "{A Template-based UHE Neutrino Search Strategy for the Askaryan Radio Array (ARA)}",
    doi = "10.22323/1.395.1147",
    journal = "PoS",
    volume = "ICRC2021",
    pages = "1147",
    year = "2021"
}

@article{ARA:2021wmr,
    author = "Dasgupta, Paramita and others",
    collaboration = "ARA",
    title = "{The Calibration of the Geometry and Antenna Delay in Askaryan Radio Array Station 4 and 5}",
    doi = "10.22323/1.395.1086",
    journal = "PoS",
    volume = "ICRC2021",
    pages = "1086",
    year = "2021"
}

@article{RNO-G:2021upe,
    author = "Aguilar, Juan A. and others",
    collaboration = "RNO-G",
    title = "{Hardware Development for the Radio Neutrino Observatory in Greenland (RNO-G)}",
    doi = "10.22323/1.395.1058",
    journal = "PoS",
    volume = "ICRC2021",
    pages = "1058",
    year = "2021"
}

@article{IceCube:2021eqb,
    author = "Abbasi, Rasha and others",
    collaboration = "IceCube",
    title = "{Search for dark matter from the center of the Earth with 8 years of IceCube data}",
    doi = "10.22323/1.395.0526",
    journal = "PoS",
    volume = "ICRC2021",
    pages = "526",
    year = "2021"
}

@article{RNO-G:2021qos,
    author = "Aguilar, Juan A. and others",
    collaboration = "RNO-G",
    title = "{Energy reconstruction with the Radio Neutrino Observatory Greenland (RNO-G)}",
    doi = "10.22323/1.395.1033",
    journal = "PoS",
    volume = "ICRC2021",
    pages = "1033",
    year = "2021"
}

@article{ARA:2021bss,
    author = "Pan, Yue and others",
    collaboration = "ARA",
    title = "{A neural network based UHE neutrino reconstruction method for the Askaryan Radio Array (ARA)}",
    doi = "10.22323/1.395.1157",
    journal = "PoS",
    volume = "ICRC2021",
    pages = "1157",
    year = "2021"
}

@article{RNO-G:2021zfm,
    author = "Aguilar, J. A. and others",
    collaboration = "RNO-G",
    title = "{Direction Reconstruction for the Radio Neutrino Observatory Greenland (RNO-G)}",
    doi = "10.22323/1.395.1026",
    journal = "PoS",
    volume = "ICRC2021",
    pages = "1026",
    year = "2021"
}

@article{RNO-G:2021hfx,
    author = "Aguilar, Juan A. and others",
    collaboration = "RNO-G",
    title = "{The Radio Neutrino Observatory Greenland (RNO-G)}",
    doi = "10.22323/1.395.0001",
    journal = "PoS",
    volume = "ICRC2021",
    pages = "001",
    year = "2021"
}

@article{IceCube:2020tcq,
    author = "Abbasi, R. and others",
    collaboration = "IceCube",
    title = "{LeptonInjector and LeptonWeighter: A neutrino event generator and weighter for neutrino observatories}",
    eprint = "2012.10449",
    archivePrefix = "arXiv",
    primaryClass = "physics.comp-ph",
    doi = "10.1016/j.cpc.2021.108018",
    journal = "Comput. Phys. Commun.",
    volume = "266",
    pages = "108018",
    year = "2021"
}

@article{IceCube:2020mzw,
    author = "Abbasi, R. and others",
    collaboration = "IceCube",
    title = "{Follow-up of Astrophysical Transients in Real Time with the IceCube Neutrino Observatory}",
    eprint = "2012.04577",
    archivePrefix = "arXiv",
    primaryClass = "astro-ph.HE",
    doi = "10.3847/1538-4357/abe123",
    journal = "Astrophys. J.",
    volume = "910",
    number = "1",
    pages = "4",
    year = "2021"
}

@article{IceCube:2020nig,
    author = "Abbasi, R. and others",
    collaboration = "IceCube",
    title = "{A Search for Time-dependent Astrophysical Neutrino Emission with IceCube Data from 2012 to 2017}",
    eprint = "2012.01079",
    archivePrefix = "arXiv",
    primaryClass = "astro-ph.HE",
    doi = "10.3847/1538-4357/abe7e6",
    journal = "Astrophys. J.",
    volume = "911",
    number = "1",
    pages = "67",
    year = "2021"
}

@article{IceCube:2020qls,
    author = "Abbasi, R. and others",
    collaboration = "IceCube",
    title = "{First all-flavor search for transient neutrino emission using 3-years of IceCube DeepCore data}",
    eprint = "2011.05096",
    archivePrefix = "arXiv",
    primaryClass = "astro-ph.HE",
    doi = "10.1088/1475-7516/2022/01/027",
    journal = "JCAP",
    volume = "01",
    pages = "027",
    year = "2022"
}

@article{IceCube:2020wum,
    author = "Abbasi, R. and others",
    collaboration = "IceCube",
    title = "{The IceCube high-energy starting event sample: Description and flux characterization with 7.5 years of data}",
    eprint = "2011.03545",
    archivePrefix = "arXiv",
    primaryClass = "astro-ph.HE",
    doi = "10.1103/PhysRevD.104.022002",
    journal = "Phys. Rev. D",
    volume = "104",
    pages = "022002",
    year = "2021"
}

@article{IceCube:2020rnc,
    author = "Abbasi, R. and others",
    collaboration = "IceCube",
    title = "{Measurement of the high-energy all-flavor neutrino-nucleon
cross section with IceCube}",
    eprint = "2011.03560",
    archivePrefix = "arXiv",
    primaryClass = "hep-ex",
    doi = "10.1103/PhysRevD.104.022001",
    month = "11",
    year = "2020"
}

@article{IceCube:2020fpi,
    author = "Abbasi, R. and others",
    collaboration = "IceCube",
    title = "{Detection of astrophysical tau neutrino candidates in IceCube}",
    eprint = "2011.03561",
    archivePrefix = "arXiv",
    primaryClass = "hep-ex",
    doi = "10.1140/epjc/s10052-022-10795-y",
    journal = "Eur. Phys. J. C",
    volume = "82",
    number = "11",
    pages = "1031",
    year = "2022"
}

@article{RNO-G:2020rmc,
    author = "Aguilar, J. A. and others",
    collaboration = "RNO-G",
    title = "{Design and Sensitivity of the Radio Neutrino Observatory in Greenland (RNO-G)}",
    eprint = "2010.12279",
    archivePrefix = "arXiv",
    primaryClass = "astro-ph.IM",
    doi = "10.1088/1748-0221/16/03/P03025",
    journal = "JINST",
    volume = "16",
    number = "03",
    pages = "P03025",
    year = "2021",
    note = "[Erratum: JINST 18, E03001 (2023)]"
}

@article{AMONTeam:2020otr,
    author = "Ayala Solares, H. A. and others",
    collaboration = "AMON Team, HAWC, IceCube",
    title = "{Multimessenger Gamma-Ray and Neutrino Coincidence Alerts Using HAWC and IceCube Subthreshold Data}",
    eprint = "2008.10616",
    archivePrefix = "arXiv",
    primaryClass = "astro-ph.HE",
    doi = "10.3847/1538-4357/abcaa4",
    journal = "Astrophys. J.",
    volume = "906",
    pages = "63",
    year = "2021"
}

@article{IceCube-Gen2:2020qha,
    author = "Aartsen, M. G. and others",
    collaboration = "IceCube-Gen2",
    title = "{IceCube-Gen2: the window to the extreme Universe}",
    eprint = "2008.04323",
    archivePrefix = "arXiv",
    primaryClass = "astro-ph.HE",
    doi = "10.1088/1361-6471/abbd48",
    journal = "J. Phys. G",
    volume = "48",
    number = "6",
    pages = "060501",
    year = "2021"
}

@article{IceCube:2020bsn,
    author = "Aartsen, M. G. and others",
    collaboration = "IceCube",
    title = "{Measurements of the time-dependent cosmic-ray Sun shadow with seven years of IceCube data: Comparison with the Solar cycle and magnetic field models}",
    eprint = "2006.16298",
    archivePrefix = "arXiv",
    primaryClass = "astro-ph.HE",
    doi = "10.1103/PhysRevD.103.042005",
    journal = "Phys. Rev. D",
    volume = "103",
    number = "4",
    pages = "042005",
    year = "2021"
}

@article{IceCube:2020yct,
    author = "Aartsen, M. G. and others",
    collaboration = "IceCube",
    title = "{Cosmic ray spectrum from 250 TeV to 10 PeV using IceTop}",
    eprint = "2006.05215",
    archivePrefix = "arXiv",
    primaryClass = "astro-ph.HE",
    doi = "10.1103/PhysRevD.102.122001",
    journal = "Phys. Rev. D",
    volume = "102",
    pages = "122001",
    year = "2020"
}

@article{IceCube:2020tka,
    author = "Aartsen, M. G. and others",
    collaboration = "IceCube",
    title = "{Searching for eV-scale sterile neutrinos with eight years of atmospheric neutrinos at the IceCube Neutrino Telescope}",
    eprint = "2005.12943",
    archivePrefix = "arXiv",
    primaryClass = "hep-ex",
    doi = "10.1103/PhysRevD.102.052009",
    journal = "Phys. Rev. D",
    volume = "102",
    number = "5",
    pages = "052009",
    year = "2020"
}

@article{IceCube:2020phf,
    author = "Aartsen, M. G. and others",
    collaboration = "IceCube",
    title = "{eV-Scale Sterile Neutrino Search Using Eight Years of Atmospheric Muon Neutrino Data from the IceCube Neutrino Observatory}",
    eprint = "2005.12942",
    archivePrefix = "arXiv",
    primaryClass = "hep-ex",
    doi = "10.1103/PhysRevLett.125.141801",
    journal = "Phys. Rev. Lett.",
    volume = "125",
    number = "14",
    pages = "141801",
    year = "2020"
}

@article{GENETIS:2020lbv,
    author = "Rolla, Julie Anne and others",
    collaboration = "GENETIS",
    title = "{Evolving Antennas for Ultra-High Energy Neutrino Detection}",
    eprint = "2005.07772",
    archivePrefix = "arXiv",
    primaryClass = "astro-ph.IM",
    doi = "10.22323/1.358.0992",
    journal = "PoS",
    volume = "ICRC2019",
    pages = "992",
    year = "2021"
}

@article{IceCube:2020xks,
    author = "Aartsen, M. G. and others",
    collaboration = "IceCube",
    title = "{IceCube Search for Neutrinos Coincident with Compact Binary Mergers from LIGO-Virgo\textquoteright{}s First Gravitational-wave Transient Catalog}",
    eprint = "2004.02910",
    archivePrefix = "arXiv",
    primaryClass = "astro-ph.HE",
    doi = "10.3847/2041-8213/ab9d24",
    journal = "Astrophys. J. Lett.",
    volume = "898",
    number = "1",
    pages = "L10",
    year = "2020"
}

@article{IceCube:2020svz,
    author = "Aartsen, M. G. and others",
    collaboration = "IceCube",
    title = "{IceCube Search for High-Energy Neutrino Emission from TeV Pulsar Wind Nebulae}",
    eprint = "2003.12071",
    archivePrefix = "arXiv",
    primaryClass = "astro-ph.HE",
    doi = "10.3847/1538-4357/ab9fa0",
    journal = "Astrophys. J.",
    volume = "898",
    number = "2",
    pages = "117",
    year = "2020"
}

@article{ANTARES:2020leh,
    author = "Albert, A. and others",
    collaboration = "ANTARES, IceCube",
    title = "{Combined search for neutrinos from dark matter self-annihilation in the Galactic Center with ANTARES and IceCube}",
    eprint = "2003.06614",
    archivePrefix = "arXiv",
    primaryClass = "astro-ph.HE",
    doi = "10.1103/PhysRevD.102.082002",
    journal = "Phys. Rev. D",
    volume = "102",
    number = "8",
    pages = "082002",
    year = "2020"
}

@article{IceCube:2020wxa,
    author = "Abbasi, Rasha and others",
    collaboration = "IceCube",
    title = "{Search for dark matter annihilation in the center of the Earth with 8 years of IceCube data}",
    eprint = "1908.07255",
    archivePrefix = "arXiv",
    primaryClass = "astro-ph.HE",
    reportNumber = "PoS-ICRC2019-541, PoS-ICRC2021-526",
    doi = "10.22323/1.358.0541",
    journal = "PoS",
    volume = "ICRC2019",
    pages = "541",
    year = "2020"
}

@article{Garcia-Fernandez:2020adu,
    author = "Garc\'\i{}a-Fern\'andez, D. and others",
    title = "{NuRadioMC - Simulation Code for the Next Generation of Radio Neutrino Detectors}",
    doi = "10.22323/1.358.0896",
    journal = "PoS",
    volume = "ICRC2019",
    pages = "896",
    year = "2020"
}

@article{ARA:2019wcf,
    author = "Allison, P. and others",
    collaboration = "ARA",
    title = "{Constraints on the diffuse flux of ultrahigh energy neutrinos from four years of Askaryan Radio Array data in two stations}",
    eprint = "1912.00987",
    archivePrefix = "arXiv",
    primaryClass = "astro-ph.HE",
    doi = "10.1103/PhysRevD.102.043021",
    journal = "Phys. Rev. D",
    volume = "102",
    number = "4",
    pages = "043021",
    year = "2020"
}

@article{IceCube:2019pna,
    author = "Aartsen, M. G. and others",
    collaboration = "IceCube",
    title = "{Neutrino astronomy with the next generation IceCube Neutrino Observatory}",
    eprint = "1911.02561",
    archivePrefix = "arXiv",
    primaryClass = "astro-ph.HE",
    month = "11",
    year = "2019"
}

@article{Allison:2019rgg,
    author = "Allison, P. and others",
    title = "{Long-baseline horizontal radio-frequency transmission through polar ice}",
    eprint = "1908.10689",
    archivePrefix = "arXiv",
    primaryClass = "astro-ph.IM",
    doi = "10.1088/1475-7516/2020/12/009",
    journal = "JCAP",
    volume = "12",
    pages = "009",
    year = "2020"
}

@article{Aguilar:2019jay,
    author = "Aguilar, J. A. and others",
    title = "{The Next-Generation Radio Neutrino Observatory -- Multi-Messenger Neutrino Astrophysics at Extreme Energies}",
    eprint = "1907.12526",
    archivePrefix = "arXiv",
    primaryClass = "astro-ph.HE",
    month = "7",
    year = "2019"
}

@article{ARA:2019uvt,
    author = "Connolly, Amy and others",
    collaboration = "ARA",
    title = "{Recent Results from The Askaryan Radio Array}",
    eprint = "1907.11125",
    archivePrefix = "arXiv",
    primaryClass = "astro-ph.HE",
    doi = "10.22323/1.358.0858",
    journal = "PoS",
    volume = "ICRC2019",
    pages = "858",
    year = "2021"
}

@article{Glaser:2019cws,
    author = "Glaser, Christian and others",
    title = "{NuRadioMC: Simulating the radio emission of neutrinos from interaction to detector}",
    eprint = "1906.01670",
    archivePrefix = "arXiv",
    primaryClass = "astro-ph.IM",
    doi = "10.1140/epjc/s10052-020-7612-8",
    journal = "Eur. Phys. J. C",
    volume = "80",
    number = "2",
    pages = "77",
    year = "2020"
}

@phdthesis{Clark:2019ady,
    author = "Clark, Brian A.",
    title = "{Optimization of a Search for Ultra-High Energy Neutrinos in Four Years of Data of ARA Station 2}",
    school = "The Ohio State University, Ohio State U.",
    year = "2019"
}

@article{Allison:2018ynt,
    author = "Allison, P. and others",
    title = "{Design and performance of an interferometric trigger array for radio detection of high-energy neutrinos}",
    eprint = "1809.04573",
    archivePrefix = "arXiv",
    primaryClass = "astro-ph.IM",
    doi = "10.1016/j.nima.2019.01.067",
    journal = "Nucl. Instrum. Meth. A",
    volume = "930",
    pages = "112--125",
    year = "2019"
}

@article{ARA:2018fkz,
    author = "Allison, P. and others",
    collaboration = "ARA",
    title = "{Observation of Reconstructable Radio Emission Coincident with an X-Class Solar Flare in the Askaryan Radio Array Prototype Station}",
    eprint = "1807.03335",
    archivePrefix = "arXiv",
    primaryClass = "astro-ph.HE",
    month = "7",
    year = "2018"
}

@article{Allison:2017jpy,
    author = "Allison, P. and others",
    title = "{Measurement of the real dielectric permittivity $\epsilon_r$ of glacial ice}",
    eprint = "1712.03301",
    archivePrefix = "arXiv",
    primaryClass = "astro-ph.IM",
    doi = "10.1016/j.astropartphys.2019.01.004",
    journal = "Astropart. Phys.",
    volume = "108",
    pages = "63--73",
    year = "2019"
}

@article{Kislat:2014sdf,
    author = "Kislat, F. and Clark, B. and Beilicke, M. and Krawczynski, H.",
    title = "{Analyzing the data from X-ray polarimeters with Stokes parameters}",
    eprint = "1409.6214",
    archivePrefix = "arXiv",
    primaryClass = "astro-ph.IM",
    doi = "10.1016/j.astropartphys.2015.02.007",
    journal = "Astropart. Phys.",
    volume = "68",
    pages = "45--51",
    year = "2015"
}
